@misc{top_pension,
    author = "IPE",
    title = "{Top 1000 European Pension Funds}",
    howpublished = "\url{https://www.ipe.com/Uploads/v/a/k/Top-1000-European-Pension-Funds.pdf}"
}

@misc{about_atp,
    author = "ATP",
    title = "About page",
    howpublished = "\url{https://www.atp.dk/en/about-us}"
}

@misc{anno_report,
    author = "ATP",
    title = "{Annual Report 2020}",
    howpublished = "\url{https://www.atp.dk/en/aarsrapport-2020}"
}

@misc{covid_response,
    author = "ATP",
    title = "Responsibility during the covid-19 pandemic",
    howpublished = "\url{https://www.atp.dk/en/we-have-been-given-major-responsibility-during-covid-19-pandemic}"
}

@misc{sys_arch,
    author = "Stephen Watts",
    title = "{What Exactly Does a System Architect Do?}",
    howpublished = "\url{https://www.bmc.com/blogs/system-architect/}"
}